@Book{h2g2,
  author =    {Adams, Douglas},
  title =     {The Hitchhiker's Guide to the Galaxy},
  publisher = {Del Rey (reprint)},
  year =      1995,
  note =      {ISBN-13: 978-0345391803}}

@Misc{wiki,
  author =       {Wikipedia},
  title =        {Scriptie},
  howpublished = {URL: \url{http://nl.wikipedia.org/wiki/Masterproef},
                  laatst nagekeken op 2010-01-07}}
